@article{linknet,
	author    = {Abhishek Chaurasia and
	Eugenio Culurciello},
	title     = {LinkNet: Exploiting Encoder Representations for Efficient Semantic
	Segmentation},
	journal   = {CoRR},
	volume    = {abs/1707.03718},
	year      = {2017},
	url       = {http://arxiv.org/abs/1707.03718},
	eprinttype = {arXiv},
	eprint    = {1707.03718},
	timestamp = {Mon, 13 Aug 2018 16:47:59 +0200},
	biburl    = {https://dblp.org/rec/journals/corr/ChaurasiaC17.bib},
	bibsource = {dblp computer science bibliography, https://dblp.org}
}

@article{screening-def,
	author = {Wood, Cate},
	year = {2017},
	month = {12},
	pages = {},
	title = {What is screening? The background, definitions and criteria},
	volume = {3}
}

@misc{screening-seg,
	title={Segmentation for Classification of Screening Pancreatic Neuroendocrine Tumors}, 
	author={Zhuotun Zhu and Yongyi Lu and Wei Shen and Elliot K. Fishman and Alan L. Yuille},
	year={2020},
	eprint={2004.02021},
	archivePrefix={arXiv},
	primaryClass={eess.IV}
}

@book{zissermann,
	author = {Hartley, Richard and Zisserman, Andrew},
	title = {Multiple View Geometry in Computer Vision},
	year = {2003},
	isbn = {0521540518},
	publisher = {Cambridge University Press},
	address = {USA},
	edition = {2},
	abstract = {From the Publisher:A basic problem in computer vision is to understand the structure
	of a real world scene given several images of it. Recent major developments in the
	theory and practice of scene reconstruction are described in detail in a unified framework.
	The book covers the geometric principles and how to represent objects algebraically
	so they can be computed and applied. The authors provide comprehensive background
	material and explain how to apply the methods and implement the algorithms directly.}
}

@ARTICLE{frenay2014,  author={Frenay, Benoit and Verleysen, Michel},  journal={IEEE Transactions on Neural Networks and Learning Systems},   title={Classification in the Presence of Label Noise: A Survey},   year={2014},  volume={25},  number={5},  pages={845-869},  doi={10.1109/TNNLS.2013.2292894}}

@misc{https://arxiv.org/pdf/2003.10471.pdf,
	title={Label Noise Types and Their Effects on Deep Learning}, 
	author={G?rkem Algan and ?lkay Ulusoy},
	year={2020},
	eprint={2003.10471},
	archivePrefix={arXiv},
	primaryClass={cs.CV}
}

@misc{https://arxiv.org/pdf/2101.05022.pdf,
	title={Re-labeling ImageNet: from Single to Multi-Labels, from Global to Localized Labels}, 
	author={Sangdoo Yun and Seong Joon Oh and Byeongho Heo and Dongyoon Han and Junsuk Choe and Sanghyuk Chun},
	year={2021},
	eprint={2101.05022},
	archivePrefix={arXiv},
	primaryClass={cs.CV}
}

@misc{vorontsov2021annotationefficient,
	title={Towards annotation-efficient segmentation via image-to-image translation}, 
	author={Eugene Vorontsov and Pavlo Molchanov and Christopher Beckham and Jan Kautz and Samuel Kadoury},
	year={2021},
	eprint={1904.01636},
	archivePrefix={arXiv},
	primaryClass={cs.CV}
}


@inproceedings{https://dm.kaist.ac.kr/datasets/animal-10n/,
	title={{SELFIE}: Refurbishing Unclean Samples for Robust Deep Learning},
	author={Song, Hwanjun and Kim, Minseok and Lee, Jae-Gil},
	booktitle={ICML},
	year={2019} }

@misc{https://arxiv.org/pdf/2003.10471.pdf,
	title={Label Noise Types and Their Effects on Deep Learning}, 
	author={G?rkem Algan and ?lkay Ulusoy},
	year={2020},
	eprint={2003.10471},
	archivePrefix={arXiv},
	primaryClass={cs.CV}
}

@misc{https://arxiv.org/pdf/1502.04681.pdf,
	title={Unsupervised Learning of Video Representations using LSTMs}, 
	author={Nitish Srivastava and Elman Mansimov and Ruslan Salakhutdinov},
	year={2016},
	eprint={1502.04681},
	archivePrefix={arXiv},
	primaryClass={cs.LG}
}




@article{cs231n,
	title= {CS231n: Convolutional Neural Networks for Visual Recognition 2016},
	keywords= {},
	journal= {},
	author= {Fei-Fei Li and Andrej Karpathy and Justin Johnson},
	year= {},
	url= {http://cs231n.stanford.edu/},
	license= {},
	terms= {}
}

@misc{activations_survey,
	title={A Survey on Activation Functions and their relation with Xavier and He Normal Initialization}, 
	author={Leonid Datta},
	year={2020},
	eprint={2004.06632},
	archivePrefix={arXiv},
	primaryClass={cs.NE}
}

@misc{sigmoid,
	title={Bio-inspired Neurocomputing},
	ISBN={9789811554957},
	ISSN={1860-9503},
	url={http://dx.doi.org/10.1007/978-981-15-5495-7},
	DOI={10.1007/978-981-15-5495-7},
	journal={Studies in Computational Intelligence},
	publisher={Springer Singapore},
	year={2021}
}


@inproceedings{tanh,
	author = {Namin, Ashkan and Leboeuf, Karl and Muscedere, Roberto and Wu, Huapeng and Ahmadi, Majid},
	year = {2009},
	month = {06},
	pages = {2117 - 2120},
	title = {Efficient hardware implementation of the hyperbolic tangent sigmoid function},
	journal = {Proceedings - IEEE International Symposium on Circuits and Systems},
	doi = {10.1109/ISCAS.2009.5118213}
}

@misc{relu,
	title={Deep Learning using Rectified Linear Units (ReLU)}, 
	author={Abien Fred Agarap},
	year={2019},
	eprint={1803.08375},
	archivePrefix={arXiv},
	primaryClass={cs.NE}
}

@misc{leakyrelu,
	title={Empirical Evaluation of Rectified Activations in Convolutional Network}, 
	author={Bing Xu and Naiyan Wang and Tianqi Chen and Mu Li},
	year={2015},
	eprint={1505.00853},
	archivePrefix={arXiv},
	primaryClass={cs.LG}
}

@inproceedings{softplus,
	author = {Zheng, Hao and Yang, Zhanlei and Liu, Wen-Ju and Liang, Jizhong and Li, Yanpeng},
	year = {2015},
	month = {07},
	pages = {1-4},
	title = {Improving deep neural networks using softplus units},
	doi = {10.1109/IJCNN.2015.7280459}
}

@misc{bidentity,
	title={Combinatorially Generated Piecewise Activation Functions}, 
	author={Justin Chen},
	year={2016},
	eprint={1605.05216},
	archivePrefix={arXiv},
	primaryClass={cs.NE}
}


@misc{swish,
	title={Searching for Activation Functions}, 
	author={Prajit Ramachandran and Barret Zoph and Quoc V. Le},
	year={2017},
	eprint={1710.05941},
	archivePrefix={arXiv},
	primaryClass={cs.NE}
}

@misc{mish,
	title={Mish: A Self Regularized Non-Monotonic Activation Function}, 
	author={Diganta Misra},
	year={2020},
	eprint={1908.08681},
	archivePrefix={arXiv},
	primaryClass={cs.LG}
}

@article{abc,
	title = {Learning Pooling for Convolutional Neural Network},
	journal = {Neurocomputing},
	volume = {224},
	pages = {96-104},
	year = {2017},
	issn = {0925-2312},
	doi = {https://doi.org/10.1016/j.neucom.2016.10.049},
	url = {https://www.sciencedirect.com/science/article/pii/S0925231216312905},
	author = {Manli Sun and Zhanjie Song and Xiaoheng Jiang and Jing Pan and Yanwei Pang},
	keywords = {Convolutional Neural Networks, Object Recognition, Learning Pooling, Simplified Convolution},
}

@article{def,
	title = {Attention pooling-based convolutional neural network for sentence modelling},
	journal = {Information Sciences},
	volume = {373},
	pages = {388-403},
	year = {2016},
	issn = {0020-0255},
	doi = {https://doi.org/10.1016/j.ins.2016.08.084},
	url = {https://www.sciencedirect.com/science/article/pii/S0020025516306673},
	author = {Meng Joo Er and Yong Zhang and Ning Wang and Mahardhika Pratama},
	keywords = {Deep learning, Convolutional neural network (CNN), Long-short term memory (LSTM), Sentence modelling, Text classification},
}

@InProceedings{grh,
	author={Yu, Dingjun
	and Wang, Hanli
	and Chen, Peiqiu
	and Wei, Zhihua"},
	title={Mixed Pooling for Convolutional Neural Networks},
	booktitle={Rough Sets and Knowledge Technology},
	year={2014},
	publisher={Springer International Publishing},
	pages={364--375},
	isbn={978-3-319-11740-9}
}


@misc{batchnorm,
	title={Batch Normalization: Accelerating Deep Network Training by Reducing Internal Covariate Shift}, 
	author={Sergey Ioffe and Christian Szegedy},
	year={2015},
	eprint={1502.03167},
	archivePrefix={arXiv},
	primaryClass={cs.LG}
}


@misc{layernorm,
	title={Layer Normalization}, 
	author={Jimmy Lei Ba and Jamie Ryan Kiros and Geoffrey E. Hinton},
	year={2016},
	eprint={1607.06450},
	archivePrefix={arXiv},
	primaryClass={stat.ML}
}

@misc{inastancenorm,
	title={Instance Normalization: The Missing Ingredient for Fast Stylization}, 
	author={Dmitry Ulyanov and Andrea Vedaldi and Victor Lempitsky},
	year={2017},
	eprint={1607.08022},
	archivePrefix={arXiv},
	primaryClass={cs.CV}
}

@misc{groupnorm,
	title={Group Normalization}, 
	author={Yuxin Wu and Kaiming He},
	year={2018},
	eprint={1803.08494},
	archivePrefix={arXiv},
	primaryClass={cs.CV}
}

@inproceedings{imagenet,
	title={Imagenet: A large-scale hierarchical image database},
	author={Deng, Jia and Dong, Wei and Socher, Richard and Li, Li-Jia and Li, Kai and Fei-Fei, Li},
	booktitle={2009 IEEE conference on computer vision and pattern recognition},
	pages={248--255},
	year={2009},
	organization={Ieee}
}

@article{lenet,  author={Lecun, Y. and Bottou, L. and Bengio, Y. and Haffner, P.},  journal={Proceedings of the IEEE},   title={Gradient-based learning applied to document recognition},   year={1998},  volume={86},  number={11},  pages={2278-2324},  doi={10.1109/5.726791}}

@inproceedings{alexnet,
	author = {Krizhevsky, Alex and Sutskever, Ilya and Hinton, Geoffrey E.},
	title = {ImageNet Classification with Deep Convolutional Neural Networks},
	year = {2012},
	publisher = {Curran Associates Inc.},
	address = {Red Hook, NY, USA},
	booktitle = {Proceedings of the 25th International Conference on Neural Information Processing Systems - Volume 1},
	pages = {1097–1105},
	numpages = {9},
	location = {Lake Tahoe, Nevada},
	series = {NIPS'12}
}

@misc{vgg,
	title={Very Deep Convolutional Networks for Large-Scale Image Recognition}, 
	author={Karen Simonyan and Andrew Zisserman},
	year={2015},
	eprint={1409.1556},
	archivePrefix={arXiv},
	primaryClass={cs.CV}
}

@misc{inception,
	title={Going Deeper with Convolutions}, 
	author={Christian Szegedy and Wei Liu and Yangqing Jia and Pierre Sermanet and Scott Reed and Dragomir Anguelov and Dumitru Erhan and Vincent Vanhoucke and Andrew Rabinovich},
	year={2014},
	eprint={1409.4842},
	archivePrefix={arXiv},
	primaryClass={cs.CV}
}

@misc{inception_v1,
	title={Rethinking the Inception Architecture for Computer Vision}, 
	author={Christian Szegedy and Vincent Vanhoucke and Sergey Ioffe and Jonathon Shlens and Zbigniew Wojna},
	year={2015},
	eprint={1512.00567},
	archivePrefix={arXiv},
	primaryClass={cs.CV}
	}

@misc{inception_v2,
	title={Inception-v4, Inception-ResNet and the Impact of Residual Connections on Learning}, 
	author={Christian Szegedy and Sergey Ioffe and Vincent Vanhoucke and Alex Alemi},
	year={2016},
	eprint={1602.07261},
	archivePrefix={arXiv},
	primaryClass={cs.CV}
}


@misc{resnet,
	title={Deep Residual Learning for Image Recognition}, 
	author={Kaiming He and Xiangyu Zhang and Shaoqing Ren and Jian Sun},
	year={2015},
	eprint={1512.03385},
	archivePrefix={arXiv},
	primaryClass={cs.CV}
	}


@misc{densenet,
	title={Densely Connected Convolutional Networks}, 
	author={Gao Huang and Zhuang Liu and Laurens van der Maaten and Kilian Q. Weinberger},
	year={2018},
	eprint={1608.06993},
	archivePrefix={arXiv},
	primaryClass={cs.CV}
}


@misc{efficient_densenet,
	title={Memory-Efficient Implementation of DenseNets}, 
	author={Geoff Pleiss and Danlu Chen and Gao Huang and Tongcheng Li and Laurens van der Maaten and Kilian Q. Weinberger},
	year={2017},
	eprint={1707.06990},
	archivePrefix={arXiv},
	primaryClass={cs.CV}
}

@misc{resnext,
	title={Aggregated Residual Transformations for Deep Neural Networks}, 
	author={Saining Xie and Ross Girshick and Piotr Doll?r and Zhuowen Tu and Kaiming He},
	year={2017},
	eprint={1611.05431},
	archivePrefix={arXiv},
	primaryClass={cs.CV}
	}

@misc{fcn,
	title={Fully Convolutional Networks for Semantic Segmentation}, 
	author={Jonathan Long and Evan Shelhamer and Trevor Darrell},
	year={2015},
	eprint={1411.4038},
	archivePrefix={arXiv},
	primaryClass={cs.CV}
}

@misc{segnet,
	title={SegNet: A Deep Convolutional Encoder-Decoder Architecture for Image Segmentation}, 
	author={Vijay Badrinarayanan and Alex Kendall and Roberto Cipolla},
	year={2016},
	eprint={1511.00561},
	archivePrefix={arXiv},
	primaryClass={cs.CV}
}

@misc{pspnet,
	title={Pyramid Scene Parsing Network}, 
	author={Hengshuang Zhao and Jianping Shi and Xiaojuan Qi and Xiaogang Wang and Jiaya Jia},
	year={2017},
	eprint={1612.01105},
	archivePrefix={arXiv},
	primaryClass={cs.CV}
}

@misc{unet,
	title={U-Net: Convolutional Networks for Biomedical Image Segmentation}, 
	author={Olaf Ronneberger and Philipp Fischer and Thomas Brox},
	year={2015},
	eprint={1505.04597},
	archivePrefix={arXiv},
	primaryClass={cs.CV}
}

@misc{smth,
	title={UNet++: Redesigning Skip Connections to Exploit Multiscale Features in Image Segmentation}, 
	author={Zongwei Zhou and Md Mahfuzur Rahman Siddiquee and Nima Tajbakhsh and Jianming Liang},
	year={2020},
	eprint={1912.05074},
	archivePrefix={arXiv},
	primaryClass={eess.IV}
}

@article{smth2,
	title={MultiResUNet?: Rethinking the U-Net architecture for multimodal biomedical image segmentation},
	volume={121},
	ISSN={0893-6080},
	url={http://dx.doi.org/10.1016/j.neunet.2019.08.025},
	DOI={10.1016/j.neunet.2019.08.025},
	journal={Neural Networks},
	publisher={Elsevier BV},
	author={Ibtehaz, Nabil and Rahman, M. Sohel},
	year={2020},
	month={Jan},
	pages={74–87}
}

@misc{smth3,
	title={DC-UNet: Rethinking the U-Net Architecture with Dual Channel Efficient CNN for Medical Images Segmentation}, 
	author={Ange Lou and Shuyue Guan and Murray Loew},
	year={2020},
	eprint={2006.00414},
	archivePrefix={arXiv},
	primaryClass={eess.IV}
}

@misc{fpn_original,
	title={Feature Pyramid Networks for Object Detection}, 
	author={Tsung-Yi Lin and Piotr Doll?r and Ross Girshick and Kaiming He and Bharath Hariharan and Serge Belongie},
	year={2017},
	eprint={1612.03144},
	archivePrefix={arXiv},
	primaryClass={cs.CV}
}

@misc{fpn_segmentation,
	title={Feature Pyramid Network for Multi-Class Land Segmentation}, 
	author={Selim S. Seferbekov and Vladimir I. Iglovikov and Alexander V. Buslaev and Alexey A. Shvets},
	year={2018},
	eprint={1806.03510},
	archivePrefix={arXiv},
	primaryClass={cs.CV}
}

@misc{deeplabv2,
	title={DeepLab: Semantic Image Segmentation with Deep Convolutional Nets, Atrous Convolution, and Fully Connected CRFs}, 
	author={Liang-Chieh Chen and George Papandreou and Iasonas Kokkinos and Kevin Murphy and Alan L. Yuille},
	year={2017},
	eprint={1606.00915},
	archivePrefix={arXiv},
	primaryClass={cs.CV}
}

@misc{deeplabv3,
	title={Rethinking Atrous Convolution for Semantic Image Segmentation}, 
	author={Liang-Chieh Chen and George Papandreou and Florian Schroff and Hartwig Adam},
	year={2017},
	eprint={1706.05587},
	archivePrefix={arXiv},
	primaryClass={cs.CV}
}


@Inbook{caruana,
	author={Caruana, Rich},
	title={Multitask Learning},
	bookTitle={Learning to Learn},
	year={1998},
	publisher={Springer US},
	address={Boston, MA},
	pages={95--133},
	isbn={978-1-4615-5529-2},
}

@InProceedings{deepfacealign,
	author = {Lee, Gun-Hee and Lee, Seong-Whan},
	title = {Uncertainty-Aware Mesh Decoder for High Fidelity 3D Face Reconstruction},
	booktitle = {Proceedings of the IEEE/CVF Conference on Computer Vision and Pattern Recognition (CVPR)},
	month = {June},
	year = {2020}
}

@misc{rcnn,
	title={Rich feature hierarchies for accurate object detection and semantic segmentation}, 
	author={Ross Girshick and Jeff Donahue and Trevor Darrell and Jitendra Malik},
	year={2014},
	eprint={1311.2524},
	archivePrefix={arXiv},
	primaryClass={cs.CV}
}

@misc{faster_rcnn,
	title={Faster R-CNN: Towards Real-Time Object Detection with Region Proposal Networks}, 
	author={Shaoqing Ren and Kaiming He and Ross Girshick and Jian Sun},
	year={2016},
	eprint={1506.01497},
	archivePrefix={arXiv},
	primaryClass={cs.CV}
}

@misc{mask_rcnn,
	title={Mask R-CNN}, 
	author={Kaiming He and Georgia Gkioxari and Piotr Doll?r and Ross Girshick},
	year={2018},
	eprint={1703.06870},
	archivePrefix={arXiv},
	primaryClass={cs.CV}
}

@article{mcdcn,
	title={Joint Face Detection and Alignment Using Multitask Cascaded Convolutional Networks},
	volume={23},
	ISSN={1558-2361},
	url={http://dx.doi.org/10.1109/LSP.2016.2603342},
	DOI={10.1109/lsp.2016.2603342},
	number={10},
	journal={IEEE Signal Processing Letters},
	publisher={Institute of Electrical and Electronics Engineers (IEEE)},
	author={Zhang, Kaipeng and Zhang, Zhanpeng and Li, Zhifeng and Qiao, Yu},
	year={2016},
	month={Oct},
	pages={1499–1503}
}

@misc{gradient_conflict,
	title={Gradient Surgery for Multi-Task Learning}, 
	author={Tianhe Yu and Saurabh Kumar and Abhishek Gupta and Sergey Levine and Karol Hausman and Chelsea Finn},
	year={2020},
	eprint={2001.06782},
	archivePrefix={arXiv},
	primaryClass={cs.LG}
}

@misc{gradient_conflict1,
title={Just Pick a Sign: Optimizing Deep Multitask Models with Gradient Sign Dropout}, 
author={Zhao Chen and Jiquan Ngiam and Yanping Huang and Thang Luong and Henrik Kretzschmar and Yuning Chai and Dragomir Anguelov},
year={2020},
eprint={2010.06808},
archivePrefix={arXiv},
primaryClass={cs.LG}
}

@InProceedings{gradient_conflict2,
	title = 	 {Multi-Task Learning with User Preferences: Gradient Descent with Controlled Ascent in Pareto Optimization},
	author =       {Mahapatra, Debabrata and Rajan, Vaibhav},
	booktitle = 	 {Proceedings of the 37th International Conference on Machine Learning},
	pages = 	 {6597--6607},
	year = 	 {2020},
	editor = 	 {III, Hal Daum? and Singh, Aarti},
	volume = 	 {119},
	series = 	 {Proceedings of Machine Learning Research},
	month = 	 {13--18 Jul},
	publisher =    {PMLR},
	pdf = 	 {http://proceedings.mlr.press/v119/mahapatra20a/mahapatra20a.pdf},
	url = 	 {https://proceedings.mlr.press/v119/mahapatra20a.html},
}

@misc{crossstitch,
	title={Cross-stitch Networks for Multi-task Learning}, 
	author={Ishan Misra and Abhinav Shrivastava and Abhinav Gupta and Martial Hebert},
	year={2016},
	eprint={1604.03539},
	archivePrefix={arXiv},
	primaryClass={cs.CV}
}

@misc{nddr,
	title={NDDR-CNN: Layerwise Feature Fusing in Multi-Task CNNs by Neural Discriminative Dimensionality Reduction}, 
	author={Yuan Gao and Jiayi Ma and Mingbo Zhao and Wei Liu and Alan L. Yuille},
	year={2019},
	eprint={1801.08297},
	archivePrefix={arXiv},
	primaryClass={cs.CV}
}
@misc{padnet,
	title={PAD-Net: Multi-Tasks Guided Prediction-and-Distillation Network for Simultaneous Depth Estimation and Scene Parsing}, 
	author={Dan Xu and Wanli Ouyang and Xiaogang Wang and Nicu Sebe},
	year={2018},
	eprint={1805.04409},
	archivePrefix={arXiv},
	primaryClass={cs.CV}
}

@misc{segthor,
	title={SegTHOR: Segmentation of Thoracic Organs at Risk in CT images}, 
	author={Z. Lambert and C. Petitjean and B. Dubray and S. Ruan},
	year={2019},
	eprint={1912.05950},
	archivePrefix={arXiv},
	primaryClass={eess.IV}
}

@misc{strange_mtl_for_melanoma,
	title={A Novel Multi-task Deep Learning Model for Skin Lesion Segmentation and Classification}, 
	author={Xulei Yang and Zeng Zeng and Si Yong Yeo and Colin Tan and Hong Liang Tey and Yi Su},
	year={2017},
	eprint={1703.01025},
	archivePrefix={arXiv},
	primaryClass={cs.CV}
}

@misc{mammography,
	title={Multitask Classification and Segmentation for Cancer Diagnosis in Mammography}, 
	author={Thi-Lam-Thuy Le and Nicolas Thome and Sylvain Bernard and Vincent Bismuth and Fanny Patoureaux},
	year={2019},
	eprint={1909.05397},
	archivePrefix={arXiv},
	primaryClass={eess.IV}
}

@misc{arxiv:1709.05932,
	title={Multi-Task Learning for Segmentation of Building Footprints with Deep Neural Networks}, 
	author={Benjamin Bischke and Patrick Helber and Joachim Folz and Damian Borth and Andreas Dengel},
	year={2017},
	eprint={1709.05932},
	archivePrefix={arXiv},
	primaryClass={cs.CV}
}



@article{mnist,
	added-at = {2010-06-28T21:16:30.000+0200},
	author = {LeCun, Yann and Cortes, Corinna},
	biburl = {https://www.bibsonomy.org/bibtex/2935bad99fa1f65e03c25b315aa3c1032/mhwombat},
	groups = {public},
	howpublished = {http://yann.lecun.com/exdb/mnist/},
	interhash = {21b9d0558bd66279df9452562df6e6f3},
	intrahash = {935bad99fa1f65e03c25b315aa3c1032},
	keywords = {MSc _checked character_recognition mnist network neural},
	lastchecked = {2016-01-14 14:24:11},
	timestamp = {2016-07-12T19:25:30.000+0200},
	title = {{MNIST} handwritten digit database},
	url = {http://yann.lecun.com/exdb/mnist/},
	username = {mhwombat},
	year = 2010
}



@misc{fashionmnist,
	title={Fashion-MNIST: a Novel Image Dataset for Benchmarking Machine Learning Algorithms}, 
	author={Han Xiao and Kashif Rasul and Roland Vollgraf},
	year={2017},
	eprint={1708.07747},
	archivePrefix={arXiv},
	primaryClass={cs.LG}
}

@misc{kaiming_uniform,
	title={Delving Deep into Rectifiers: Surpassing Human-Level Performance on ImageNet Classification}, 
	author={Kaiming He and Xiangyu Zhang and Shaoqing Ren and Jian Sun},
	year={2015},
	eprint={1502.01852},
	archivePrefix={arXiv},
	primaryClass={cs.CV}
}

@article{upconv_checkerboard,
	author = {Odena, Augustus and Dumoulin, Vincent and Olah, Chris},
	title = {Deconvolution and Checkerboard Artifacts},
	journal = {Distill},
	year = {2016},
	url = {http://distill.pub/2016/deconv-checkerboard},
	doi = {10.23915/distill.00003}
}
@misc{arxiv:1412.0069,
	title={Pedestrian Detection aided by Deep Learning Semantic Tasks}, 
	author={Yonglong Tian and Ping Luo and Xiaogang Wang and Xiaoou Tang},
	year={2014},
	eprint={1412.0069},
	archivePrefix={arXiv},
	primaryClass={cs.CV}
}

@inproceedings{multiinstance,
	author = {Maron, Oded and Lozano-P\'{e}rez, Tom\'{a}s},
	booktitle = {Advances in Neural Information Processing Systems},
	editor = {M. Jordan and M. Kearns and S. Solla},
	pages = {},
	publisher = {MIT Press},
	title = {A Framework for Multiple-Instance Learning},
	url = {https://proceedings.neurips.cc/paper/1997/file/82965d4ed8150294d4330ace00821d77-Paper.pdf},
	volume = {10},
	year = {1998}
}


@misc{adam-optimizer,
	title={Adam: A Method for Stochastic Optimization}, 
	author={Diederik P. Kingma and Jimmy Ba},
	year={2017},
	eprint={1412.6980},
	archivePrefix={arXiv},
	primaryClass={cs.LG}
}

@article{attention,
	doi = {10.1088/1742-6596/1693/1/012173},
	url = {https://doi.org/10.1088/1742-6596/1693/1/012173},
	year = 2020,
	month = {dec},
	publisher = {{IOP} Publishing},
	volume = {1693},
	pages = {012173},
	author = {Xiao Yang},
	title = {An Overview of the Attention Mechanisms in Computer Vision},
	journal = {Journal of Physics: Conference Series},
}



@misc{umap,
	title={UMAP: Uniform Manifold Approximation and Projection for Dimension Reduction}, 
	author={Leland McInnes and John Healy and James Melville},
	year={2020},
	eprint={1802.03426},
	archivePrefix={arXiv},
	primaryClass={stat.ML}
}
@misc{radam,
	title={On the Variance of the Adaptive Learning Rate and Beyond}, 
	author={Liyuan Liu and Haoming Jiang and Pengcheng He and Weizhu Chen and Xiaodong Liu and Jianfeng Gao and Jiawei Han},
	year={2020},
	eprint={1908.03265},
	archivePrefix={arXiv},
	primaryClass={cs.LG}
}

@inbook{kfold,
	author = {Berrar, Daniel},
	year = {2018},
	month = {01},
	pages = {},
	title = {Cross-Validation},
	isbn = {9780128096338},
	doi = {10.1016/B978-0-12-809633-8.20349-X}
}

@misc{ordinal_regression,
	title={Ordinal Regression as Structured Classification}, 
	author={Niall Twomey and Rafael Poyiadzi and Callum Mann and Ra?l Santos-Rodr?guez},
	year={2019},
	eprint={1905.13658},
	archivePrefix={arXiv},
	primaryClass={cs.LG}
}

@data{idrid,
	doi = {10.21227/H25W98},
	url = {https://dx.doi.org/10.21227/H25W98},
	author = {Porwal, Prasanna and Pachade, Samiksha and Kamble, Ravi and Kokare, Manesh and Deshmukh, Girish and Sahasrabuddhe, Vivek and Meriaudeau, Fabrice},
	publisher = {IEEE Dataport},
	title = {Indian Diabetic Retinopathy Image Dataset (IDRiD)},
	year = {2018} }

@misc{messidor,
	title = {Messidor},
	url = {https://www.adcis.net/en/third-party/messidor/},
	language = {en},
	urldate = {2021-09-17},
	journal = {ADCIS},
	author = {MAFFRE, Gervais GAUTHIER, Bruno LAY, Julien ROGER, Damien ELIE, M?lanie FOLTETE, Arthur DONJON, Hugo, Guillaume PATRY},
}

@misc{messidor_relabeled,
	title = {{MESSIDOR}-2 {DR} {Grades}},
	url = {https://kaggle.com/google-brain/messidor2-dr-grades},
	abstract = {Adjudicated DR Severity, DME, and Gradability for the MESSIDOR-2 fundus dataset},
	language = {en},
	urldate = {2021-09-17},
}

@misc{focalloss,
	title={Focal Loss for Dense Object Detection}, 
	author={Tsung-Yi Lin and Priya Goyal and Ross Girshick and Kaiming He and Piotr Doll?r},
	year={2018},
	eprint={1708.02002},
	archivePrefix={arXiv},
	primaryClass={cs.CV}
}


@misc{pytorch,
	title = {{PyTorch}},
	url = {https://www.pytorch.org},
	abstract = {An open source machine learning framework that accelerates the path from research prototyping to production deployment.},
	language = {en},
	urldate = {2021-09-17},
}

@misc{catalyst,
	title = {Catalyst},
	url = {https://catalyst-team.com/},
	abstract = {Lead},
	language = {en-us},
	urldate = {2021-09-17},
	journal = {Catalyst},
	author = {Kolesnikov, Sergey},
}

