@article{tymchenko2020skin,
	title={CLASSIFICATION OF SKIN LESIONS USING MULTI-TASK DEEP NEURAL NETWORKS},
	author={Borys Tymchenko and Eugene Khvedchenya and Philip Marchenko and Dmitry Spodarets},
	journal={Herald of advanced information technology},
	number={3, no 3},
	pages={136--148},
	year={2020},
	publisher={Odessа National Polytechnic University}
}

@article{tymchenko2020clouds,
	title={SEGMENTATION OF CLOUD ORGANIZATION PATTERNS FROM SATELLITE IMAGES USING DEEP NEURAL NETWORKS},
	author={Borys Tymchenko and	Philip Marchenko and Dmitry Spodarets},
	journal={Herald of advanced information technology},
	number={3, no 1},
	pages={352--361},
	year={2020},
	publisher={Odessа National Polytechnic University}
}

@inproceedings{tymchenko2020dr,
	author    = {Borys Tymchenko and
	Philip Marchenko and
	Dmitry Spodarets},
	editor    = {Maria De Marsico and
	Gabriella Sanniti di Baja and
	Ana L. N. Fred},
	title     = {Deep Learning Approach to Diabetic Retinopathy Detection},
	booktitle = {Proceedings of the 9th International Conference on Pattern Recognition
	Applications and Methods, {ICPRAM} 2020, Valletta, Malta, February
	22-24, 2020},
	pages     = {501--509},
	publisher = {{SCITEPRESS}},
	year      = {2020},
	url       = {https://doi.org/10.5220/0008970805010509},
	doi       = {10.5220/0008970805010509},
	timestamp = {Fri, 17 Apr 2020 15:03:52 +0200},
	biburl    = {https://dblp.org/rec/conf/icpram/TymchenkoMS20.bib},
	bibsource = {dblp computer science bibliography, https://dblp.org}
}

@article{tymchenko2019proteins,
	title={Classifying Mixed Patterns of Proteins in Microscopic Images with Deep Neural Networks},
	author={Borys Tymchenko and Hramatik, Anhelina A and Tulchiy, Tulchiy and Antoshchuk, Antoshchuk and others},
	journal={Herald of advanced information technology},
	number={2, no 1},
	pages={29--36},
	year={2019},
	publisher={Odessа National Polytechnic University}
}

@INPROCEEDINGS{icg,
	author={Borys Tymchenko and Svitlana Antoshchuk},
	booktitle={Міжнародна науково-технічна конференція «Комп’ютерна графіка та розпізнавання зображень»},   
	title={SEARCHING FOR SHIPS ON SATELLITE IMAGES WITH DEEP
	LEARNING},
	year={2018},  
	volume={2}, 
	number={},  
	pages={69-73},
	language="ukrainian"
}


@inproceedings{tymchenko2018race,
	title={Race from Pixels: Evolving Neural Network Controller for Vision-Based Car Driving},
	author={Tymchenko, Borys and Antoshchuk, Svitlana},
	booktitle={XVIII International Conference on Data Science and Intelligent Analysis of Information},
	pages={20--29},
	year={2018},
	organization={Springer}
}


@inproceedings{tymchenko2018money,
	title={Making Money: Evolving neural network for stock prediction},
	author={Borys Tymchenko and A.A. Hramatik and H.P. Tulchyi and S.G. Antoshchuk},
	booktitle={VІ українсько-німецька конференція «Інформатика. Культура. Техніка»},
	year={2018},
	organization={Одеський Національний Політехнічний Університет},
	language="ukrainian"
}

@inproceedings{tymchenko2018policy,
	title={EVOLUTION STRATEGY FOR POLICY SEARCH IN ROBOTICS},
	author={Borys Tymchenko and Svitlana Antoshchuk},
	booktitle={Сучасні Інформаційні Технології},
	year={2018},
	organization={Одеський Національний Політехнічний Університет},
	language="ukrainian"
}

@inproceedings{tymchenko2018sccs1,
	title={Evolving neural networks in environment with sparse rewards},
	author={Borys Tymchenko},
	booktitle={Student Conference on Computer Science},
	year={2018},
	organization={Erfurt University of Applied Science},
	language="english"
}


@inproceedings{tymchenko2017linescan,
	title={ONLINE LANE DETECTION ALGORITHM FOR LINE SCAN CAMERA},
	author={Borys Tymchenko and Oleg Halchonkov},
	booktitle={Сучасні Інформаційні Технології},
	year={2017},
	organization={Одеський Національний Політехнічний Університет},
	language="ukrainian"
}


@article{tymchenko2017global,
	title={Global position system sensor model for robotics simulator},
	author={Tymchenko, Borys},
	journal={Праці Одеського політехнічного університету},
	number={3},
	pages={88--93},
	year={2017},
	language="ukrainian"
}

@article{tymchenko2016robust,
	title={The Robust Control System for skid elimination in Dynamic Road Environments},
	author={Tymchenko, Borys and Samodelok, VV and Putilina, DV and Galchonkov, OM},
	journal={Електротехнічні та комп’ютерні системи},
	number={23},
	pages={107--112},
	year={2016},
	publisher={Одеский национальний политехнічний университет},
	language="ukrainian"
}

@INPROCEEDINGS{7583505,
	author={N. O. {Komleva} and K. S. {Cherneha} and B. I. {Tymchenko} and O. M. {Komlevoy}},
	booktitle={2016 IEEE First International Conference on Data Stream Mining   Processing (DSMP)},   
	title={Intellectual approach application for pulmonary diagnosis},   year={2016},  
	volume={}, 
	number={},  
	pages={48-52},  
	doi={10.1109/DSMP.2016.7583505}
}

@article{tymchenko2016decision,
	title={DECISION SUPPORT SYSTEM FOR AUTOMATED MEDICAL DIAGNOSTICS},
	author={K.S. Cherneha and B.I. Tymchenko and N.O. Komleva},
	journal={Електротехнічні та комп’ютерні системи},
	number={23},
	pages={65--72},
	year={2016},
	publisher={Одеский национальний политехнічний университет},
	language="ukrainian"
}


